<record><leader>00000cas a22000007a 4500</leader><controlfield tag="001">21947272</controlfield><controlfield tag="008">900629d18991913gaucr ne      0    0eng d</controlfield><datafield ind1=" " ind2=" " tag="010"><subfield code="a">sn 90052272 </subfield></datafield><datafield ind1=" " ind2=" " tag="040"><subfield code="a">NLG</subfield><subfield code="b">eng</subfield><subfield code="c">NLG</subfield><subfield code="d">GUA</subfield><subfield code="d">OCLCQ</subfield><subfield code="d">OCLCF</subfield><subfield code="d">OCLCO</subfield></datafield><datafield ind1="1" ind2=" " tag="029"><subfield code="a">AU@</subfield><subfield code="b">000025856525</subfield></datafield><datafield ind1=" " ind2=" " tag="042"><subfield code="a">msc</subfield></datafield><datafield ind1=" " ind2=" " tag="043"><subfield code="a">n-us-ga</subfield></datafield><datafield ind1="0" ind2="4" tag="245"><subfield code="a">The Dublin courier-dispatch.</subfield></datafield><datafield ind1="3" ind2="0" tag="246"><subfield code="a">Courier-dispatch</subfield></datafield><datafield ind1=" " ind2=" " tag="260"><subfield code="a">Dublin, Ga. :</subfield><subfield code="b">H.M. Stanley,</subfield><subfield code="c">[1899-1913]</subfield></datafield><datafield ind1=" " ind2=" " tag="300"><subfield code="a">v.</subfield></datafield><datafield ind1=" " ind2=" " tag="310"><subfield code="a">Semiweekly</subfield></datafield><datafield ind1="1" ind2=" " tag="362"><subfield code="a">Began in 1899.</subfield></datafield><datafield ind1="0" ind2=" " tag="362"><subfield code="a">-v. 30 (Aug. 15, 1913).</subfield></datafield><datafield ind1=" " ind2=" " tag="530"><subfield code="a">Also on microfilm: Athens, Ga. : University of Georgia Libraries.</subfield></datafield><datafield ind1=" " ind2=" " tag="580"><subfield code="a">Formed by the union of: Dublin courier, and: Dublin dispatch.</subfield></datafield><datafield ind1=" " ind2=" " tag="580"><subfield code="a">Merged with: Laurens County herald, to form: Dublin courier-herald and dispatch.</subfield></datafield><datafield ind1=" " ind2=" " tag="588"><subfield code="a">Description based on: Vol. 23 (Jan. 10, 1901).</subfield></datafield><datafield ind1=" " ind2="0" tag="651"><subfield code="a">Dublin (Ga.)</subfield><subfield code="v">Newspapers.</subfield></datafield><datafield ind1=" " ind2="0" tag="651"><subfield code="a">Laurens County (Ga.)</subfield><subfield code="v">Newspapers.</subfield></datafield><datafield ind1=" " ind2="7" tag="655"><subfield code="a">Newspapers.</subfield><subfield code="2">fast</subfield><subfield code="0">(OCoLC)fst01423814</subfield></datafield><datafield ind1=" " ind2="7" tag="651"><subfield code="a">Georgia</subfield><subfield code="z">Dublin.</subfield><subfield code="2">fast</subfield><subfield code="0">(OCoLC)fst01217559</subfield></datafield><datafield ind1=" " ind2="7" tag="651"><subfield code="a">Georgia</subfield><subfield code="z">Laurens County.</subfield><subfield code="2">fast</subfield><subfield code="0">(OCoLC)fst01217557</subfield></datafield><datafield ind1=" " ind2=" " tag="752"><subfield code="a">United States</subfield><subfield code="b">Georgia</subfield><subfield code="c">Laurens</subfield><subfield code="d">Dublin.</subfield></datafield><datafield ind1="1" ind2="4" tag="780"><subfield code="t">Dublin courier</subfield><subfield code="w">(DLC)sn 90052271</subfield><subfield code="w">(OCoLC)21987420</subfield></datafield><datafield ind1="1" ind2="4" tag="780"><subfield code="t">Dublin dispatch</subfield></datafield><datafield ind1="0" ind2="5" tag="780"><subfield code="t">Dublin times (Dublin, Ga.)</subfield><subfield code="w">(DLC)sn 90052072</subfield><subfield code="w">(OCoLC)21941803</subfield></datafield><datafield ind1="1" ind2="7" tag="785"><subfield code="t">Laurens County herald</subfield><subfield code="w">(DLC)sn 90052273</subfield><subfield code="w">(OCoLC)21947325</subfield></datafield><datafield ind1="1" ind2="7" tag="785"><subfield code="t">Dublin courier-herald and dispatch</subfield><subfield code="w">(DLC)sn 90052275</subfield><subfield code="w">(OCoLC)21946949</subfield></datafield></record>